<?xml version="1.0" encoding="UTF-8"?><collection xmlns="http://www.loc.gov/MARC21/slim"><record><leader>00343nam--2200133-i-4500</leader><controlfield tag="001">000024709</controlfield><controlfield tag="002">20161230</controlfield><controlfield tag="005">20161230201035</controlfield><controlfield tag="008">060222s1000------------r-----000-0-eng-d</controlfield><datafield ind1=" " ind2=" " tag="080"><subfield code="a">9:55</subfield></datafield><datafield ind1=" " ind2=" " tag="100"><subfield code="a">Hvozdara, Milan., Prigancova, Alla</subfield></datafield><datafield ind1=" " ind2=" " tag="245"><subfield code="a">Zem-nasa planeta</subfield></datafield><datafield ind1=" " ind2=" " tag="260"><subfield code="a">Bratislava, Slovenskej Akademie Vied., 1989, 160 P</subfield></datafield><datafield ind1=" " ind2=" " tag="852"><subfield code="a">78838</subfield></datafield></record></collection>